% Alternatif manajemen daftar pustaka dengan \bibliography
% Keuntungannya adalah sitasi dapat langsung disalin dari web (contoh: scholar.google.com) dan format tampilan dapat diubah secara otomatis hanya dengan mengganti konfigurasi \bibliographystyle di thesis.tex https://www.sharelatex.com/learn/Bibtex_bibliography_styles

@misc{Ore06,
  author = {{Oreans}},
  title = {Code Virtualizer},
  howpublished = {\url{https://www.oreans.com/CodeVirtualizer.php}},
  month = may,
  year = {2006},
  urldate = {2024-11-11},
  tag = {Ore06},
}

@misc{LilithRAT,
  author = {werkamsus},
  title = {Lilith - Free \& Native Open Source C++ Remote Administration Tool for Windows},
  howpublished = {\url{https://github.com/werkamsus/Lilith}},
  year = {2017}, 
  note = {Accessed: 8 May 2025}
}

@misc{OpenSSL,
  author = {{Eric A. Young, Tim J. Hudson}},
  title = {OpenSSL},
  howpublished = {\url{
                  https://docs.openssl.org/master/man7/ossl-guide-introduction/}},
  month = jan,
  year = {2015},
  urldate = {2025-03-17},
  tag = {OpenSSL},
}

@misc{Qt,
  author = {{Qt}},
  title = {Qt Framework},
  howpublished = {\url{https://doc.qt.io/qt-6/qt-intro.html}, month = may, year
                  = {1995}, urldate = {2025-03-17}, tag = {Qt}, },
}@misc{ImGui,
  author = {{ImGui}},
  title = {Dear ImGui},
  howpublished = {\url{https://github.com/ocornut/imgui}},
  month = aug,
  year = {2014},
  urldate = {2025-03-17},
  tag = {ImGui},
}
@misc{VxLang,
  title = {VxLang Documentation},
  howpublished = {\url{https://vxlang.github.io/}},
  month = mar,
  year = {2025},
  urldate = {2025-03-17},
  tag = {VxLang},
}

@misc{gee23,
  author = {{geeksforgeeks}},
  title = {Software and its types},
  howpublished = {\url{https://www.geeksforgeeks.org/software-and-its-types/}},
  month = aug,
  year = {2023},
  urldate = {2024-11-04},
  tag = {gee23},
}

@misc{tut24,
  author = {{geeksforgeeks}},
  title = {Compiling a C Program: Behind the scenes},
  howpublished = {\url{
                  https://www.geeksforgeeks.org/compiling-a-c-program-behind-the-scenes/
                  }},
  month = oct,
  year = {2024},
  urldate = {2024-11-10},
  tag = {tut24},
}

@misc{Dan24,
  author = {Mukesha, Dany},
  title = {How is C program compiled and executed},
  howpublished = {\url{
                  https://medium.com/@danymukesha/here-is-a-flowchart-that-shows-the-steps-that-are-involved-in-compiling-and-running-a-c-program-736f72c501a4
                  }},
  month = feb,
  year = {2024},
  urldate = {2024-11-15},
  tag = {Dan24},
}

@misc{cod23,
  author = {{codeacademy}},
  title = {Control Flow},
  howpublished = {\url{
                  https://www.codecademy.com/resources/docs/general/control-flow}
                  },
  month = jun,
  year = {2023},
  urldate = {2024-11-27},
  tag = {cod23},
}

@misc{USC24,
  author = {{USC Viterbi School of Engineering}},
  title = {CS356 Unit 5 x86 Control Flow},
  howpublished = {\url{https://ee.usc.edu/~
                  redekopp/cs356/slides/CS356Unit5_x86_Control}},
  urldate = {2024-11-12},
  tag = {USC24},
}

@article{Myi19,
  author = {Aung, Myint Myitzu and Win, Kay Thi},
  title = {Simplifying Control Flow Graphs for Reducing Complexity in Control
           Flow Testing},
  journal = {International Journal of Computer Trends and Technology (IJCTT)},
  volume = {67},
  number = {8},
  pages = {7--12},
  year = {2019},
  tag = {Myi19},
}

@article{Rou05,
  author = {Rountev and Volgin, Atanas and Reddoch, Olga and Miriam},
  title = {Static control-flow analysis for reverse engineering of UML sequence
           diagrams},
  journal = {Static control-flow analysis for reverse engineering of UML
             sequence diagrams},
  volume = {31},
  number = {1},
  pages = {96--102},
  year = {2005},
  tag = {Rou05},
}

@article{Gom,
  author = {Gomes and Schmitz, Leandro \& Eber},
  title = {A Method for automatic generation of test cases to BPEL Processes.},
  journal = {A Method for automatic generation of test cases to BPEL Processes.},
  tag = {Gom},
}

@inproceedings{Has18,
  author = {Hasbi, M. and Budiardjo, E. K. and Wibowo, W. C},
  title = {Reverse engineering in software product line - A systematic
           literature review},
  booktitle = {2018 2nd International Conference on Computer Science and
               Artificial Intelligence},
  pages = {174--179},
  year = {2018},
  address = {Shenzhen},
  doi = {https://doi.org/10.1145/3297156.3297203},
  tag = {Has18},
}

@misc{Sec19,
  author = {{Sec-Dudes}},
  title = {Hands On: Dynamic and Static Reverse Engineering},
  howpublished = {\url{
                  https://secdude.de/index.php/2019/08/01/about-dynamic-and-static-reverse-engineering/
                  }},
  month = aug,
  year = {2019},
  urldate = {2024-12-18},
  tag = {Sec19},
}


@misc{Hex91,
  author = {{Hex-Rays}},
  title = {IDA Pro},
  howpublished = {\url{https://hex-rays.com/ida-pro}},
  month = may,
  year = {1991},
  urldate = {2024-11-22},
  tag = {Hex91},
}


@misc{Nat19,
  author = {{National Security Agency}},
  title = {Ghidra},
  howpublished = {\url{https://ghidra-sre.org}},
  month = mar,
  year = {2019},
  tag = {Nat19},
}



@misc{Dun14,
  author = {Ogilvie, Duncan},
  title = {x64dbg},
  howpublished = {\url{https://x64dbg.com}},
  month = may,
  year = {2014},
  urldate = {2024-11-11},
  tag = {Dun14},
}


@article{Jin24,
  author = {Jin, H and Lee, J and Yang, S and Kim, K and Lee, D.H.},
  title = {A Framework to Quantify the Quality of Source Code Obfuscation},
  journal = {A Framework to Quantify the Quality of Source Code Obfuscation},
  volume = {12},
  pages = {14},
  year = {2024},
  tag = {Jin24},
}


@article{Cha04,
  author = {Chan, J. T. and Yang, W},
  title = {Advanced obfuscation techniques for Java bytecode},
  journal = {Advanced obfuscation techniques for Java bytecode},
  volume = {71},
  number = {1-2},
  pages = {1--10},
  year = {2004},
  tag = {Cha04},
}


@inproceedings{Bal11,
  author = {Balachandran, V. and Emmanuel, S.},
  title = {Software code obfuscation by hiding control flow information in stack
           },
  booktitle = {IEEE International Workshop on Information Forensics and Security
               },
  year = {2011},
  address = {Iguacu Falls},
  tag = {Bal11},
}


@inproceedings{Ert05,
  author = {Ertaul, L. and Venkatesh, S.},
  title = {Novel obfuscation algorithms for software security},
  booktitle = {International Conference on Software Engineering Research and
               Practice},
  year = {2005},
  address = {Las Vegas},
  tag = {Ert05},
}


@article{Fuk08,
  author = {Fukushima, K. and Kiyomoto, S. and Tanaka, T. and Sakurai, K},
  title = {Analysis of program obfuscation schemes with variable encoding
           technique},
  journal = {Analysis of program obfuscation schemes with variable encoding
             technique},
  volume = {91},
  number = {1},
  pages = {316--329},
  year = {2008},
  tag = {Fuk08},
}



@inproceedings{Kov13,
  author = {Kovacheva, A},
  title = {Efficient code obfuscation for Android},
  booktitle = {Advances in Information Technology},
  year = {2013},
  address = {Bangkok},
  tag = {Kov13},
}



@inproceedings{LeD12,
  author = {LeDoux, C. and Sharkey, M. and Primeaux, B. and Miles, C},
  title = {Instruction embedding for improved obfuscation},
  booktitle = {Annual Southeast Regional Conference},
  year = {2012},
  address = {Tuscaloosa},
  tag = {LeD12},
}



@inproceedings{Dar10,
  author = {Darwish, S.M. and Guirguis, S.K. and Zalat, M.S},
  title = {Stealthy code obfuscation technique for software security},
  booktitle = {International Conference on Computer Engineering \& Systems},
  year = {2010},
  address = {Cairo},
  tag = {Dar10},
}


@inproceedings{Liu21,
  author = {Liu, B. and Feng, W. and Zheng, Q. and Li, J. and Xu, D},
  title = {Software obfuscation with non-linear mixed boolean-arithmetic
           expressions},
  booktitle = {Information and Communications Security},
  year = {2021},
  address = {Chongqing},
  tag = {Liu21},
}



@inproceedings{Sch22,
  author = {Schloegel, M. and Blazytko, T. and Contag, M. and Aschermann, C. and
            Basler, J. and Holz, T. and Abbasi, A. Loki},
  title = {Hardening code obfuscation against automated attacks},
  booktitle = {31st USENIX Security Symposium (USENIX Security 22)},
  year = {2022},
  address = {Boston},
  tag = {Sch22},
}



@inproceedings{Zho07,
  author = {Zhou, Y. and Main, A. and Gu, Y.X. and Johnson, H},
  title = {Information hiding in software with mixed boolean-arithmetic
           transforms},
  booktitle = {International Workshop on Information Security Applications},
  year = {2007},
  address = {Jeju Island},
  tag = {Zho07},
}


@inproceedings{LiY211,
  author = {Li, Y. and Sha, Z. and Xiong, X. and Zhao, Y},
  title = {Code Obfuscation Based on Inline Split of Control Flow Graph},
  booktitle = {2021 IEEE International Conference on Artificial Intelligence and
               Computer Applications (ICAICA)},
  year = {2021},
  address = {Dalian},
  tag = {LiY211},
}

@inproceedings{XuD16,
  author = {Xu, D. and Ming, J. and Wu, D},
  title = {Generalized dynamic opaque predicates: A new control flow obfuscation
           method},
  booktitle = {Information Security: 19th International Conference, ISC 2016},
  year = {2016},
  address = {Honolulu},
  tag = {XuD16},
}


@article{Lás09,
  author = {László, T. and Kiss, Á},
  title = {Obfuscating C++ programs via control flow flattening},
  journal = {Obfuscating C++ programs via control flow flattening},
  volume = {30},
  pages = {3--19},
  year = {2009},
  tag = {Lás09},
}



@misc{Pie18,
  author = {Parrend, Pierre},
  title = {Bytecode Obfuscation},
  howpublished = {\url{
                  https://owasp.org/www-community/controls/Bytecode_obfuscation}},
  month = mar,
  year = {2018},
  urldate = {2024-12-25},
  tag = {Pie18},
}


@misc{Yak20,
  author = {Yakov},
  title = {Using LLVM to Obfuscate Your Code During Compilation},
  howpublished = {\url{
                  https://www.apriorit.com/dev-blog/687-reverse-engineering-llvm-obfuscation
                  }},
  month = jun,
  year = {2020},
  urldate = {2024-12-20},
  tag = {Yak20},
}



@article{Rou13,
  author = {Roundy and A, Kevin and Miller and P, Barton},
  title = {Binary-code obfuscations in prevalent packer tools},
  journal = {ACM Computing Surveys (CSUR)},
  volume = {46},
  number = {1},
  pages = {1--32},
  year = {2013},
  tag = {Rou13},
}



@inproceedings{Zho24,
  author = {Zhoukai Wang and Zuoyan Xu and Yaling Zhang and Xin Song and Yichuan
            Wang},
  title = {Research on Code Virtualization Methods for Cloud Applications},
  year = {2024},
  tag = {Zho24},
}




@article{Don20,
  author = {Lee, Dong Hoon},
  title = {VCF: Virtual Code Folding to Enhance Virtualization Obfuscation},
  journal = {VCF: Virtual Code Folding to Enhance Virtualization Obfuscation},
  year = {2020},
  tag = {Don20},
}

@inproceedings{Sal18,
  author = {Salwan, Jonathan and Bardin, Sébastien and Potet, Marie-Laure},
  title = {Symbolic deobfuscation: from virtualized code back to the original},
  booktitle = {International Conference, DIMVA},
  year = {2018},
  tag = {Sal18},
}


@misc{Hac24,
  author = {{Hackcyom}},
  title = {Hackcyom},
  howpublished = {\url{https://www.hackcyom.com/2024/09/vm-obfuscation-overview/
                  }},
  month = sep,
  year = {2024},
  urldate = {2024-11-22},
  tag = {Hac24},
}


@misc{Ore24,
  author = {{Oreans}},
  title = {Themida},
  howpublished = {\url{https://www.oreans.com/Themida.php}},
  urldate = {2024-11-23},
  tag = {Ore24},
}



@misc{VMP24,
  author = {{VMProtect Software}},
  title = {VMProtect},
  howpublished = {\url{https://vmpsoft.com/vmprotect/overview}},
  urldate = {2024-11-23},
  tag = {VMP24},
}



@article{Wak24,
  author = {Wakjira, Y. and Kurukkal, N.S. and Lemu, H.G.},
  title = {Reverse engineering in medical application: literature review, proof of concept and future perspectives.},
  journal = {Reverse engineering in medical application: literature review, proof of concept and future perspectives.},
  year = {2024},
  tag = {Wak24},
}



@misc{Chr24,
  author = {Kauffman, Chris},
  title = {CMSC216: x86-64 Control Flow},
  howpublished = {\url{https://www.cs.umd.edu/~profk/216/07-assembly-control.pdf
                  }},
  month = oct,
  year = {2024},
  urldate = {2024-11-15},
  tag = {Chr24},
}
